@phdthesis{ddhakal2018postanthesis,
  author = {Deependra, Dhakal},
  title = {Post-anthesis leaf health as potential determinant of yield in early evaluation trial of Wheat genotypes},
  school = {Agriculture\ and\ Forestry\ University},
  year = {2018},
  type = {MS Thesis},
  address = {Chitwan, Nepal},
  month = {July},
  note = {Unpublished},
}

@inproceedings{ddhakal-agro-morpho2015:iaasproceeding-lamjung,
  author =       {Dhakal, Deependra and Subedi, Roshan},
  title =        {Study of Agro-Morphological Descriptors of Common Bean (Phaseolus Vulgaris L.) Genotypes},
  crossref =     {iaasproceeding-lamjung},
  pages =        {23-26},
  doi =          {},
  keywords =     {application security, trusted computing base},
}

@proceedings{iaasproceeding-lamjung,
  editor =       {Regmi, Basu Dev},
  title =        "Proceedings of Undergraduate Practicum Assessment Volume 2",
  booktitle =    "Proceedings of Undergraduate Practicum Assessment",
  publisher =    {IAAS},
  venue =        {Institute of Agriculture and Animal Science, Lamjung, Nepal},
  month =        August,
  year =         {2015},
  isbn =         {2392-4004},
}

@article{kalauni2020correlation,
  title={Correlation and Path Coefficient Analysis of Seed Yield and Yield Components of French Bean (Phaseolus vulgaris L.) Genotypes in Sub-tropical Region},
  author={Kalauni, Santosh and Dhakal, Deependra},
  journal={Turkish Journal of Agriculture-Food Science and Technology},
  volume={8},
  number={9},
  pages={1928--1934},
  year={2020},
  doi={10.24925/turjaf.v8i9.1928-1934.3528},
}

@article{paudel2020archives,
  title={Archives of Agriculture and Environmental Science},
  author={Paudel, Samita and Dhakal, Deependra},
  journal={Archives of Agriculture and Environmental Science},
  volume={5},
  number={2},
  pages={190--195},
  year={2020},
  doi={10.26832/24566632.2020.0502016},
}
