
@article{jaafar2011new,
  title={A new method for liposome preparation using a membrane contactor},
  author={Jaafar-Maalej, Chiraz and Charcosset, Catherine and Fessi, Hatem},
  journal={J Liposome Res},
  volume={21},
  number={3},
  pages={213--220},
  year={2011},
  publisher={Taylor \& Francis}
}

@misc{hasc18,
	title={Ph.D. thesis},
	author={Chandra Has},
	note={IIT Bombay, Chemical Engineering},
    year={2018}
}

@article{has2018rapid,
	title={Rapid single-step formation of liposomes by flow assisted stationary phase interdiffusion},
	author={Has, Chandra and Phapal, Sopan M and Sunthar, P},
	journal={Chem Phys Lipids},
	volume={212},
	pages={144--151},
	year={2018},
	publisher={Elsevier}
}

@article{has2019comprehensive,
	title={A comprehensive review on recent preparation techniques of liposomes},
	author={Has, C and Sunthar, P},
	journal={J Liposome Res},
	pages={1--30},
	year={2019},
	publisher={Taylor \& Francis}
}

@article{sorkin2018nanomechanics,
	title={Nanomechanics of extracellular vesicles reveals vesiculation pathways},
	author={Sorkin, Raya and Huisjes, Rick and Bo{\v{s}}kovi{\'c}, Filip and others},
	journal={Small},
	volume={14},
	number={39},
	pages={1801650},
	year={2018},
	publisher={Wiley Online Library}
}










